@article{hurst2013gesture,
  title={Gesture-based interaction via finger tracking for mobile augmented reality},
  author={H{\"u}rst, Wolfgang and Van Wezel, Casper},
  journal={Multimedia Tools and Applications},
  volume={62},
  number={1},
  pages={233--258},
  year={2013},
  publisher={Springer}
}

@article{bowman1999,
	title = "Formalizing the Design, Evalutation, and Application of Interaction Techniques for Immersive Virtual Environments",
    author = "Bowman, Doug A. and Hodges, Larry F.",
    journal = "Journal of Visual Languages and Computing",
    volume = "10",
    pages = "37--53",
    year = "1999",
    publisher = "Academic Press"
}

@inproceedings{pfeuffer2014,
	title = "Gaze-touch: Combining Gaze with Multi-Touch for Interaction on the Same Surface",
    author = "Pfeuffer, Ken and Alexander, Jason and Chong, Ming Ki and Gellersen, Hans",
    booktitle = "Proceedings of the 27th annual ACM symposium on User interface software and technology",
    year = "2014",
    address = "Honolulu, HI, USA",
    pages = "509--518"
}

@inproceedings{song2012,
	title = "A Handle Bar Metaphor for Virtual Object Manipulation with Mid-Air Interaction",
    author = "Song, Peng and Goh, Wooi Boon and Hutama, William and Fu, Chi-Wing and Liu, Xiaopei",
    booktitle = "Proceedings of the 30th ACM Conference on Human Factors in Computing Systems",
    year = "2012",
    address = "Austin, Texas, USA",
    pages = "1297--1306"
}

@article{lam2017,
	title = "Interaction techniques in desktop virtual environment: the study of visual feedback and precise manipulation method",
    author = "Lam, Meng Chun and Arshad, Haslina and Prabuwono, Anton Satria and Tan, Siok Yee and Kahaki, S. M. M.",
    journal = "Multimedia Tools and Applications",
    year = "2017",
    pages = "1--32",
    publisher = "Springer"
}

@inproceedings{reinschluessel2017,
	title = "Virtual Reality for User-Centered Design and Evaluation of Touch-free Interaction Techniques for Navigating Medical Images in the Operating Room",
    author = "Reinschluessel, Anke and Teuber, Joern and Herrlich, Marc and Zachmann, Gabriel and Malaka, Rainer",
    booktitle = "Proceedings of the 2017 CHI Conference on Human Factors in Computing Systems",
    year = "2017",
    address = "Denver, CO, USA",
    pages = "2001--2009"
}

@article{achibet2016,
	title = "Leveraging Passive Haptic Feedback in Virtual Environments with the Elastic-Arm Approach",
    author = "Achibet, Merwan and Girard, Adrien and Marchal, Maud and LÃ©cuyer, Anatole",
    journal = "Presence: Teleoperators and Virtual Environments",
    year = "2016",
    volume = "25",
    number = "1",
    pages = "17--32",
    publisher = "MIT Press"
}

@inproceedings{mcmahan2016,
	title = "Interaction Fidelity: The Uncanny Valley of Virtual Reality Interactions",
    author = "McMahan, Ryan P. and Lai, Chengyuan and Pal, Swaroop K.",
    booktitle = "Proceedings of the 8th International Conference on HCI in Virtual, Augmented and Mixed Reality",
    year = "2016",
    address = "Toronto, Canada",
    pages = "59--70"
}

@inproceedings{gugenheimer2016,
	title = "FaceTouch: Touch Interaction for Mobile Virtual Reality",
    author = "Gugenheimer, Jan and Haas, Gabriel and Dobbelstein, David and Rukzio, Enrico and Winkler, Christian",
    booktitle = "Proceedings of the 2016 CHI Conference on Human Factors in Computing Systems",
    year = "2016",
    address = "San Jose, CA, USA",
    pages = "3679--3682"
}

@inproceedings{clifford2017,
	title = "Jedi ForceExtension: Telekinesis as a Virtual Reality Interaction Metaphor",
    author = "Clifford, Rory M.S. and Tuanquin, Nikita Mae B. and Lindeman, Robert W.",
    booktitle = "Proceedings of 2017 IEEE Symposium on 3D User Interfaces",
    year = "2017",
    address = "Los Angeles, CA, USA",
    pages = "239--240"
}

@article{deng2017,
	title = "Understanding the impact of multimodal interaction using gaze informed mid-air gesture control in 3D virtual objects manipulation",
    author = "Deng, Shujie and Jiang, Nan and Chang, Jian and Guo, Shihui and Zhang, Jian J.",
    journal = "International Journal of Human-Computer Studies",
    year = "2017",
    volume = "105",
    pages = "68--80",
    publisher = "Elsevier"
}

@misc{sus_gov,
	title={System Usability Scale (SUS)},
    url={https://www.usability.gov/how-to-and-tools/methods/system-usability-scale.html},
    journal={Usability.gov},
    publisher={Department of Health and Human Services},
    author={Secretary for Public Affairs, Assistant},
    year={2013},
    month={Sep}
   }